@string{JAN = "Jan"}
@string{FEB = "Feb"}
@string{MAR = "Mar"}
@string{APR = "Apr"}
@string{MAY = "May"}
@string{JUN = "Jun"}
@string{JUL = "Jul"}
@string{AUG = "Aug"}
@string{SEP = "Sep"}
@string{OCT = "Oct"}
@string{NOV = "Nov"}
@string{DEC = "Dec"}

@string{PIEEE = "Proceedings of the IEEE"}
@string{IEEEJSAC = "IEEE J. Selected Areas in Communications"}
@string{IEEETN = "IEEE/ACM Trans. Networking"}
@string{IEEETCOM = "IEEE Trans. Communications"}
@string{IEEETT = "IEEE Trans. Information Theory"}
@string{INTERNETWORK = "Journal of Internetworking: Research and Experience"}
@string{IJCS = "International Journal on Communication Systems"}
@string{ACMTCS = "ACM Trans. Computer Systems"}
@string{JACM = "J. of the ACM"}
@string{MTA = "Multimedia Tools and Applications"}
@string{CC = "Computer Communications"}
@string{IPJ = "Internet Protocol Journal"}

@string{CACM = "Communications of the ACM"}
@string{COMPUTER = "IEEE Computer Magazine"}
@string{IEEECOM = "IEEE Communication Magazine"}
@string{IEEENET = "IEEE Network Magazine"}
@string{CCR = "ACM SIGCOMM Computer Communication Review"}
@string{TON = "IEEE/ACM Trans. Netw."}

@string{IMW = "Proc. IMW"}
@string{IMC = "Proc. IMC"}
@string{INFOCOM = "Proc. IEEE INFOCOM"}
@string{GLOBECOM = "Proc. IEEE GLOBECOM"}
@string{GINET = "Proc. IEEE Global Internet Symp."}
@string{INET = "Proc. INET"}
@string{SIGCOMM = "Proc. ACM SIGCOMM"}
@string{SIGMETRICS = "Proc. ACM SIGMETRICS"}
@string{HSNMC="Proc. High Speed Networking and Multimedia Computing Symp."}
@string{ICNP = "Proc. ICNP"}
@string{ICC = "Proc. Intl. Conference on Communications"}
@string{FTCS = "Proc. Intl. Symposium on Fault-Tolerant Computing"}
@string{USITS = "Proc. USENIX Symposium on Internet Technologies and Systems"}
@string{ICDCS = "Proc. ICDCS"}
@string{SOSP = "Proc. ACM SOSP"}
@string{NSDI = "Proc. USENIX NSDI"}
@string{OSDI = "Proc. USENIX OSDI"}
@string{FDNA = "ACM SIGCOMM FDNA"}
@string{PAM = "Proc. PAM"}
@string{HotNets = "Proc. SIGCOMM HotNets"}
@string{CONEXT = "Proc. ACM CoNEXT"}

@inproceedings{guita11losstomo,
 author = {Ghita, Denisa and Karakus, Can and Argyraki, Katerina and Thiran, Patrick},
 title = {{Shifting Network Tomography Toward a Practical Goal}},
 booktitle = CONEXT,
 year = {2011}
} 
 isbn = {978-1-4503-1041-3},
 location = {Tokyo, Japan},
 pages = {24:1--24:12},
 articleno = {24},
 numpages = {12},
 url = {http://doi.acm.org/10.1145/2079296.2079320},
 doi = {10.1145/2079296.2079320},
 acmid = {2079320},
 publisher = {ACM},
 address = {New York, NY, USA},

@inproceedings{roesch99snort,
 author = {M. Roesch},
 title = {{Snort: Lightweight Intrusion Detection for Networks}},
 booktitle = {Proc. USENIX LISA},
 year = {1999},
} 
 location = {Seattle, Washington},
 pages = {229--238},
 numpages = {10},
 url = {http://portal.acm.org/citation.cfm?id=1039834.1039864},
 acmid = {1039864},
 publisher = {USENIX Association},
 address = {Berkeley, CA, USA},

@inproceedings{kushman07rbgp,
 author = {N. Kushman and S. Kandula and D. Katabi and B. M. Maggs},
 title = {{R-BGP: Staying Connected in a Connected World}},
 booktitle = NSDI,
 year = {2007},
} 
 location = {Cambridge, MA},
 pages = {25--25},
 numpages = {1},
 url = {http://dl.acm.org/citation.cfm?id=1973430.1973455},
 acmid = {1973455},
 publisher = {USENIX Association},
 address = {Berkeley, CA, USA},

@inproceedings{gummadi04source,
 author = {K. P. Gummadi and H. V. Madhyastha and S. D. Gribble
	and H. M. Levy and D. Wetherall},
 title = {{Improving the Reliability of Internet Paths with One-hop Source
	Routing}},
 booktitle = OSDI,
 year = {2004},
} 
 location = {San Francisco, CA},
 pages = {13--13},
 numpages = {1},
 url = {http://dl.acm.org/citation.cfm?id=1251254.1251267},
 acmid = {1251267},
 publisher = {USENIX Association},
 address = {Berkeley, CA, USA},

@inproceedings{laksh07convfree,
 author = {K. Lakshminarayanan and M. Caesar and M. Rangan and T. Anderson
	 and S. Shenker and I. Stoica},
 title = {{Achieving Convergence-free Routing Using Failure-carrying Packets}},
 booktitle = SIGCOMM,
 year = {2007},
} 
 isbn = {978-1-59593-713-1},
 location = {Kyoto, Japan},
 pages = {241--252},
 numpages = {12},
 url = {http://doi.acm.org/10.1145/1282380.1282408},
 doi = {10.1145/1282380.1282408},
 acmid = {1282408},
 publisher = {ACM},
 address = {New York, NY, USA},
 keywords = {convergence, internet routing, protocols},

@inproceedings{john08consensus,
 author = {J. P. John and E. Katz-Bassett and A. Krishnamurthy and T. Anderson
	and A. Venkataramani},
 title = {{Consensus Routing: the Internet as a Distributed System}},
 booktitle = NSDI,
 year = {2008}
} 
 isbn = {111-999-5555-22-1},
 location = {San Francisco, California},
 pages = {351--364},
 numpages = {14},
 url = {http://dl.acm.org/citation.cfm?id=1387589.1387614},
 acmid = {1387614},
 publisher = {USENIX Association},
 address = {Berkeley, CA, USA},

@inproceedings{cloud,
 author = {Stuart J. Johnston},
 title = {{Cloud Outage Report of 13 Providers Reveals Downtime Costs}},
 booktitle = {TechTarget},
 year = {2012},
} 
 month = {Jun.},
 note = {http://searchcloudcomputing.techtarget.com/news/2240158511/Cloud-outage-report-of-13-providers-reveals-downtime-costs}

@inproceedings{level3,
 author = {Adam C. Estes},
 title = {{The Internet Died a Little Today}},
 booktitle = {The Atlantic Wire},
 year = {2011},
} 
 month = {Nov.},
 note = {http://www.theatlanticwire.com/technology/2011/11/internet-died-little-today/44644/}

@inproceedings{rank1,
 title = {{Top Computer Science Schools \& Best Ranked Colleges}},
 booktitle = {USNews University Directory},
 year = {2010},
} 
 note = {http://www.usnewsuniversitydirectory.com/graduate-schools/sci-ences/computer-science.aspx}



@inproceedings{blackberry,
 author = {Ned Potter},
 title = {{BlackBerry Outage Spreads to U.S., RIM Responds}},
 booktitle = {ABC News},
 year = {2011},
} 
 month = {Oct.},
 note = {http://abcnews.go.com/blogs/technology/2011/10/blackberry-outage-spreads-to-u-s/}



@inproceedings{ict,
 author = {ITU},
 title = {{ICT Facts and Figures}},
 booktitle = {ITU Telecom World},
 year = {2011}
} 

@inproceedings{govindan97stability,
 author = {R. Govindan and A. Reddy},
 title = {{An Analysis of Internet Inter-Domain Topology and Route Stability}},
 booktitle = INFOCOM,
 year = {1997}
} 

@article{lad06changes,
 author = {M. Lad and D. Massey and L. Zhang},
 title = {{Visualizing Internet Routing Changes}},
 journal = {IEEE Trans. on Visualization and Comp. Graphics},
 volume = {12},
 number = {6},
 year = {2006},
 pages = {1450--1460},
} 
 month = {Nov.},

@inproceedings{latapy06complex,
  author    = {M. Latapy and C. Magnien},
  title     = {{Measuring Fundamental Properties of Real-World Complex
	Networks}},
  booktitle = INFOCOM,
  year      = {2006}
}

@article{labovitz98instability,
 author = {C. Labovitz and G. R. Malan and F. Jahanian},
 title = {{Internet Routing Instability}},
 journal = TON,
 volume = {6},
 number = {5},
 year = {1998},
 pages = {515--528},
} 
 month = {Oct.},



@article{steinder07diagnosis,
 author = {M. Steinder and A. S. Sethi},
 title = {{Multidomain Diagnosis of End-to-End Service Failures in
	Hierarchically Routed Networks}},
 journal = {IEEE Trans. Parallel Distrib. Syst.},
 volume = {18},
 number = {3},
 year = {2007},
 pages = {379--392}
} 
 month = {Mar.},
 numpages = {14},
 url = {http://portal.acm.org/citation.cfm?id=1263124.1263211},
 doi = {10.1109/TPDS.2007.46},
 acmid = {1263211},
 publisher = {IEEE Press},
 address = {Piscataway, NJ, USA},
 keywords = {Distributed fault localization, probabilistic inference.},

@article{natu08probe,
   author = {M. Natu and A. S. Sethi and E. Lloyd},
   title = {{Efficient Probe Selection Algorithms for Fault Diagnosis}},
   journal = {Telecommunication Systems},
   pages = {109--125},
   volume = {37},
   number = {1},
   year = {2008}
}

@article{natu08station,
 author = {M. Natu and A. S. Sethi},
 title = {{Probe Station Placement for Robust Monitoring of Networks}},
 journal = {J. Netw. Syst. Manage.},
 volume = {16},
 number = {4},
 year = {2008},
 pages = {351--374}
} 
 month = {Dec.},
 issn = {1064-7570},
 numpages = {24},
 url = {http://portal.acm.org/citation.cfm?id=1485030.1485039},
 doi = {10.1007/s10922-008-9114-0},
 acmid = {1485039},
 publisher = {Plenum Press},
 address = {New York, NY, USA},
 keywords = {Active probing, Fault diagnosis, Network monitoring, Probe station placement},


@inproceedings{huang01wavelet,
 author = {P. Huang and A. Feldmann and W. Willinger},
 title = {{A Non-instrusive, Wavelet-based Approach to Detecting Network
	Performance Problems}},
 booktitle = IMW,
 year = {2001}
} 
 isbn = {1-58113-435-5},
 location = {San Francisco, California, USA},
 pages = {213--227},
 numpages = {15},
 url = {http://doi.acm.org/10.1145/505202.505229},
 doi = {http://doi.acm.org/10.1145/505202.505229},
 acmid = {505229},
 publisher = {ACM},
 address = {New York, NY, USA},
 keywords = {energy function, network performance, passive measurements, scale-localization, wavelets},


@inproceedings{chen03tomo,
 author = {Y. Chen D. Bindel and R. H. Katz},
 title = {{Tomography-based Overlay Network Monitoring}},
 booktitle = IMC,
 year = {2003}
} 
 pages = {216--231},
 numpages = {16},
 location = {Miami Beach, FL, USA},

@inproceedings{zhang06dns,
 title = {{How DNS Misnaming Distorts Internet Topology Mapping}},
 author = {M. Zhang and R. Yaoping and P. Vivek and J. Rexford},
 booktitle = {Proc. USENIX ATC},
 year = {2006}
} 
 location = {Portland, Oregon, USA},
 pages = {55--66},

@inproceedings{chen04algebraic,
 author = {Y. Chen and D. Bindel and H. Song and R. H. Katz},
 title = {{An Algebraic Approach to Practical and Scalable Overlay Network
	Monitoring}},
 booktitle = SIGCOMM,
 year = {2004}
} 
 location = {Portland, Oregon, USA},
 pages = {55--66},


@inproceedings{kandula09netmedic,
 author = {S. Kandula and R. Mahajan and P. Verkaik and S. Agarwal and
	J. Padhye and P. Bahl},
 title = {{Detailed Diagnosis in Enterprise Networks}},
 booktitle = SIGCOMM,
 year = {2009}
} 
 isbn = {978-1-60558-594-9},
 location = {Barcelona, Spain},
 pages = {243--254},
 numpages = {12},
 url = {http://doi.acm.org/10.1145/1592568.1592597},
 doi = {http://doi.acm.org/10.1145/1592568.1592597},
 acmid = {1592597},
 publisher = {ACM},
 address = {New York, NY, USA},
 keywords = {applications, enterprise networks, fault diagnosis},

@inproceedings{bahl07sherlock,
 author = {P. Bahl and R. Chandra and A. Greenberg and S. Kandula
	and D. A. Maltz and M. Zhang},
 title = {{Towards Highly Reliable Enterprise Network Services via Inference
	of Multi-level Dependencies}},
 booktitle = SIGCOMM,
 year = {2007},
} 
 isbn = {978-1-59593-713-1},
 location = {Kyoto, Japan},
 pages = {13--24},
 numpages = {12},
 url = {http://doi.acm.org/10.1145/1282380.1282383},
 doi = {http://doi.acm.org/10.1145/1282380.1282383},
 acmid = {1282383},
 publisher = {ACM},
 address = {New York, NY, USA},
 keywords = {dependencies, fault localization, network and service management, probabilistic inference},


@article{luckie11crooked,
 author = {M. Luckie and A. Dhamdhere and kc claffy and D. Murrell},
 title = {{Measured Impact of Crooked Traceroute}},
 journal = {SIGCOMM Comput. Commun. Rev.},
 volume = {41},
 number = {1},
 pages = {14--21},
 numpages = {8},
} 
 issue_date = {January 2011},

@article{pansiot98routes,
 author = {J. J. Pansiot and D. Grad},
 title = {{On Routes and Multicast Trees in the Internet}},
 journal = {SIGCOMM Comput. Commun. Rev.},
 volume = {28},
 number = {1},
 year = {1998},
 pages = {41--50}
} 
 month = {January},

@inproceedings{mahimkar09iptv,
 author = {A. A. Mahimkar and Z. Ge and A. Shaikh and J. Wang and
	J. Yates and Y. Zhang and Q. Zhao},
 title = {{Towards Automated Performance Diagnosis in a Large IPTV Network}},
 booktitle = SIGCOMM,
 year = {2009}
} 
 isbn = {978-1-60558-594-9},
 location = {Barcelona, Spain},
 pages = {231--242},
 numpages = {12},
 url = {http://doi.acm.org/10.1145/1592568.1592596},
 doi = {http://doi.acm.org/10.1145/1592568.1592596},
 acmid = {1592596},
 publisher = {ACM},
 address = {New York, NY, USA},
 keywords = {IPTV, network diagnosis},


@inproceedings{le06minerals,
 author = {F. Le and S. Lee and T. Wong and H. S. Kim and D. Newcomb},
 title = {{Minerals: Using Data Mining to Detect Router Misconfigurations}},
 booktitle = {Proc. of MineNet},
 year = {2006}
}
 isbn = {1-59593-569-X},
 location = {Pisa, Italy},
 pages = {293--298},
 numpages = {6},
 url = {http://doi.acm.org/10.1145/1162678.1162681},
 doi = {http://doi.acm.org/10.1145/1162678.1162681},
 acmid = {1162681},
 publisher = {ACM},
 address = {New York, NY, USA},
 keywords = {association rules mining, network misconfiguration, routers, static analysis},


@inproceedings{kandula05shrink,
 author = {S. Kandula and D. Katabi and J.-P. Vasseur},
 title = {{Shrink: a Tool for Failure Diagnosis in IP Networks}},
 booktitle = {Proc. of MineNet},
 year = {2005}
} 
 isbn = {1-59593-026-4},
 location = {Philadelphia, Pennsylvania, USA},
 pages = {173--178},
 numpages = {6},
 url = {http://doi.acm.org/10.1145/1080173.1080178},
 doi = {http://doi.acm.org/10.1145/1080173.1080178},
 acmid = {1080178},
 publisher = {ACM},
 address = {New York, NY, USA},
 keywords = {Bayesian, IP networks, SRLG, fault diagnosis, optical, shrink},

@inproceedings{bender08radargun,
 author = {A. Bender and R. Sherwood and N. Spring},
 title = {{Fixing Ally's Growing Pains with Velocity Modeling}},
 booktitle = IMC,
 year = {2008}
} 
% address = {Vouliagmeni, Greece},
 isbn = {978-1-60558-334-1},
 pages = {337--342},
 numpages = {6},
 url = {http://doi.acm.org/10.1145/1452520.1452560},
 doi = {http://doi.acm.org/10.1145/1452520.1452560},
 acmid = {1452560},
 publisher = {ACM},

@inproceedings{cunha11dtrack,
	author = {\'{I}. Cunha and R. Teixeira and D. Veitch and 
			C. Diot},
	title = {{Predicting and Tracking Internet Path Changes}},
	booktitle = {Proc. ACM SIGCOMM},
	year = {2011}
}
	address = {Toronto, Canada},
	month = {Aug.},



@inproceedings{cunha11fastmapping,
	author = {\'{I}. Cunha and R. Teixeira and C. Diot},
	title = {{Measuring and Characterizing End-to-End Route
            Dynamics in the Presence of Load Balancing}},
	booktitle = {Proc. PAM},
	year = 2011
}
%       address = {Atlanta, GA},
%	month = {Apr.}

@inproceedings{shavitt09dimes,
	author = {Y. Shavitt and U. Weinsberg},
	title = {{Quantifying the Importance of Vantage Points Distribution in
		Internet Topology Measurements}},
	booktitle = INFOCOM,
	year = 2009
}
%	address = {Rio de Janeiro, Brazil},
%	month = {Apr.}


@inproceedings{wolfgang06bgpdyn,
	author = {W. M\"{u}hlbauer and A. Feldmann and O. Maennel
		and M. Roughan and S. Uhlig},
	title = {{Building an AS-topology Model that Captures Route
		Diversity}},
	booktitle = SIGCOMM,
	year = {2006},
	address = {Pisa, Italy}
}
	pages = {195--206},

@inproceedings{mao03sigcomm,
	author = {Z. M. Mao and J. Rexford and J. Wang and R. H. Katz},
	title  = {{Towards an Accurate AS-level Traceroute Tool}},
	booktitle = SIGCOMM,
	year = {2003}
}

@article{leone06dlv,
 author = {N. Leone and G. Pfeifer and W. Faber and T. Eiter and G. Gottlob
	and S. Perri and F. Scarcello},
 title = {{The DLV System for Knowledge Representation and Reasoning}},
 journal = {ACM Trans. Comput. Logic},
 volume = {7},
 number = {3},
 month = {July},
 year = {2006},
 issn = {1529-3785},
 pages = {499--562},
 numpages = {64},
 url = {http://doi.acm.org/10.1145/1149114.1149117},
 doi = {http://doi.acm.org/10.1145/1149114.1149117},
 acmid = {1149117},
 publisher = {ACM},
 address = {New York, NY, USA},
} 

@inproceedings{faloutsos99asdegree,
 author = {M. Faloutsos and P. Faloutsos and C. Faloutsos},
 title = {{On Power-law Relationships of the Internet Topology}},
 booktitle = SIGCOMM,
 year = {1999},
 isbn = {1-58113-135-6},
 location = {Cambridge, Massachusetts, United States},
 pages = {251--262},
 numpages = {12}
} 

@inproceedings{broido01ipgraphs,
    author = {A. Broido and K. Claffy},
    title = {{Internet Topology: Connectivity of IP Graphs}},
    booktitle = {SPIE ITCom},
    year = {2001}
}

@inproceedings{he05asymmetry,
	author={Y. He and M. Faloutsos and S. Krishnamurthy and
		B. Huffaker},
	booktitle=GLOBECOM,
       	title={{On Routing Asymmetry in the Internet}},
	year={2005}
}



@article{paxson99bro,
 author = {V. Paxson},
 title = {{Bro: a System for Detecting Network Intruders in Real-Time}},
 journal = {Comput. Netw.},
 volume = {31},
 number = {23--24},
 year = {1999},
 issn = {1389-1286},
 pages = {2435--2463}
} 
 month = {Dec.},
 numpages = {29},
 url = {http://portal.acm.org/citation.cfm?id=337967.337972},
 doi = {10.1016/S1389-1286(99)00112-7},
 acmid = {337972},
 publisher = {Elsevier North-Holland, Inc.},
 address = {New York, NY, USA},
 keywords = {domain-specific languages, network intrusion detection, network monitoring evasion, passive network monitoring},


@inproceedings{kandula08expose,
 author = {S. Kandula and R. Chandra and D. Katabi},
 title = {{What's Going On? Learning Communication Rules in Edge Networks}},
 booktitle = SIGCOMM,
 year = {2008}
} 
 isbn = {978-1-60558-175-0},
 location = {Seattle, WA, USA},
 pages = {87--98},
 numpages = {12},
 url = {http://doi.acm.org/10.1145/1402958.1402970},
 doi = {http://doi.acm.org/10.1145/1402958.1402970},
 acmid = {1402970},
 publisher = {ACM},
 address = {New York, NY, USA},
 keywords = {communication rules, correlation, expose, rule mining},


@inproceedings{teixeira03diversity,
 author = {R. Teixeira and K. Marzullo and S. Savage and G. M. Voelker},
 title = {{In Search of Path Diversity in ISP Networks}},
 booktitle = IMC,
 year = {2003},
} 
 isbn = {1-58113-773-7},
 numpages = {6}
 pages = {313--318},
 location = {Miami Beach, FL, USA},


@inproceedings{subramanian02aschar,
    author = {L. Subramanian and S. Agarwal and J. Rexford and Y. H. Katz},
    title = {{Characterizing the Internet Hierarchy from Multiple
	Vantage Points}},
    booktitle = INFOCOM,
    year = {2002}
}

@inproceedings{chen02theorigin,
    author = {Q. Chen and Q. C. Hyunseok and R. Govindan and S. Jamin
	and S. J. Shenker and W. Willinger},
    title = {{The Origin of Power Laws in Internet Topologies Revisited}},
    booktitle = INFOCOM,
    year = {2002},
    pages = {608--617}
}

@article{chang04astopo,
 author = {H. Chang and R. Govindan and S. Jamin and S. J. Shenker and
	W. Willinger},
 title = {{Towards Capturing Representative AS-level Internet Topologies}},
 journal = {Comput. Netw.},
 volume = {44},
 number = {6},
 month = {April},
 year = {2004},
 issn = {1389-1286},
 pages = {737--755},
 numpages = {19},
 url = {http://portal.acm.org/citation.cfm?id=992868.992870},
 doi = {10.1016/j.comnet.2003.03.001},
 acmid = {992870},
 publisher = {Elsevier North-Holland, Inc.},
 address = {New York, NY, USA},
} 


@inproceedings{feldman04bgp,
	author = {A. Feldmann and O. Maennel and Z. M. Mao 
		and A. Berger and B. Maggs},
	title = {{Locating Internet Routing Instabilities}},
	booktitle = SIGCOMM,
	year = {2004}
}
%	address = {Portland, OR}
	pages = {205--218},

@inproceedings{steinder02positive,
    author = {M. Steinder and A. S. Sethi},
    title = {{Increasing Robustness of Fault Localization Through
	Analysis of Lost, Spurious, and Positive Symptoms}},
    booktitle = INFOCOM,
    year = {2002}
}

@inproceedings{cohen03bittorrent,
 author = {B. Cohen},
 title = {{Incentives Build Robustness in BitTorrent}},
 booktitle = {Proc. Workshop on Economics of Peer-to-Peer Systems},
 year = {2003}
}

@inproceedings{gargolinski05gameserver,
 author = {S. Gargolinski and C. St. Pierre and M. Claypool},
 title = {{Game Server Selection for Multiple Players}},
 booktitle = {Proc. of 4th ACM SIGCOMM Workshop on Network and System Support for Games},
 year = {2005}
} 
% address = {Hawthorne, NY},
% pages = {1--6},
% numpages = {6},




@inproceedings{beyer99nn,
author = {Beyer, K. and Goldstein, J. and Ramakrishnan, R. 
		and Shaft, U.},
title = {{When Is ``Nearest Neighbor'' Meaningful?}},
booktitle = {Proc. Intl. Conf. on Database Theory},
year = {1999},
}


pages = {217-235},
volume = {1540},
year = {1999}
}


@inproceedings{huffaker2001macroscopic,
    author = {B. Huffaker and M. Fomenkov and D. Moore and K. Claffy},
    booktitle = PAM,
    title = {{Macroscopic Analyses of the Infrastructure: Measurement and Visualization of Internet Connectivity and Performance}},
    year = {2001}
}
    month = apr,


@inproceedings{chen09sidewalk,
	author = {K. Chen and D. R. Choffnes and R. Potharaju and
		Y. Chen and F. E. Bustamante and D. Pei and Y. Zhao},
	title = {{Where the Sidewalk Ends: Extending the Internet AS Graph
		using Traceroutes from P2P Users}},
	booktitle = {Proc. CoNEXT}, 
	year = {2009},
}
	address = {Rome, Italy}
	pages = {217--228},



@inproceedings{kohavi95model,
	author = {R. Kohavi},
	title = {{A Study of Cross-validation and Bootstrap for Accuracy
			Estimation and Model Selection}},
	booktitle = {Proc. 14th Intl. Joint Conf. on Artificial Intelligence},
	year = {1995},
	pages = {1137--1143},
	address = {Montreal, Canada}
}
%	isbn = {1-55860-363-8},
%	publisher = {Morgan Kaufmann Publishers Inc.},
%	address = {San Francisco, CA, USA},

@inproceedings{schwartz10e2e,
	author = {Y. Schwartz and Y. Shavitt and U. Weinsberg},
	title = {{On the Diversity, Stability and Symmetry of End-to-End
		Internet Routes}},
	booktitle = {Proc. of Global Internet},
	year = {2010}
}
	address = {San Diego, CA}

@inproceedings{beverly10hifreq,
	title = {{Primitives for Active Internet Topology Mapping: Toward
		High-Frequency Characterization}},
	author = {R. Beverly and A. Berger and G. Xie},
	booktitle = IMC,
	year = {2010}
}
	address = {Melbourne, Australia},
% month = april

@inproceedings{sherry10alias,
	title = {{Resolving IP Aliases with Prespecified Timestamps}},
	author = {J. Sherry and E. Katz-Bassett and M. Pimenova and H.
		Madhyastha and A. Krishnamurthy and T. Anderson},
	booktitle = IMC,
	year = {2010},
}
	address = {Melbourne, Australia}

@inproceedings{turner10cenic,
	author = {D. Turner and K. Levchenko and A. Snoeren and S. Savage},
	title = {{California Fault Lines: Understanding the Causes and Impact
		of Network Failures}},
	booktitle = SIGCOMM,
	year = {2010},
}
%	address = {New Delhi, India}

@inproceedings{wu05needle,
	author = {J. Wu and Z. Mao and J. Rexford and J. Wang},
	title = {{Finding a Needle in a Haystack: Pinpointing Significant BGP
		Routing Changes in an IP Network}},
	booktitle = NSDI,
	year = {2005},
}
	address = {Boston, MA}
% 	pages = {1--14},


@inproceedings{luckie08probe,
	author = {M. Luckie and Y. Hyun and B. Huffaker},
	title = {{Traceroute Probe Method and Forward IP Path Inference}},
	booktitle = IMC,
	year = {2008},
}
	address = {Vouliagmeni, Greece}
%	pages = {311--324},
%	isbn = {978-1-60558-334-1},

@article{jain99cluster,
	author = {A. Jain and M. Murty and P. Flynn},
	title = {{Data Clustering: a Review}},
	journal = {ACM Comput. Surv.},
	volume = {31},
	number = {3},
	year = {1999},
	issn = {0360-0300},
	pages = {264--323},
	doi = {http://doi.acm.org/10.1145/331499.331504},
	publisher = {ACM},
	address = {New York, NY, USA},
}

@inproceedings{veitch09balancer,
	author = {D. Veitch and B. Augustin and T. Friedman and R. Teixeira},
	title = {{Failure Control in Multipath Route Tracing}},
	booktitle = INFOCOM,
	year = {2009}
}
%	address = {Rio de Janeiro, Brazil},
% month = april

@Article{baccelli09pasta,
  author =     {F. Baccelli and S. Machiraju and D. Veitch and J. Bolot},
  title =      {{The Role of PASTA in Network Measurement}},
  journal = TON,
  volume = {17},
  number = {4},
  pages = {1340--1353},
  year =   {2009}
}
%  month =  {Aug.},

@inproceedings{mao07networkmd,
 author = {Y. Mao and H. Jamjoom and S. Tao and J. M. Smith},
 title = {{NetworkMD: Topology Inference and Failure Diagnosis in the
	 Last Mile}},
 booktitle = IMC,
 year = {2007},
 isbn = {978-1-59593-908-1},
 pages = {189--202},
 numpages = {14},
} 
% address = {San Diego, CA}

@inproceedings{naidu08detecting,
author = {K. V. M. Naidu and D. Panigrahi and R. Rastogi},
title = {{Detecting Anomalies Using End-to-End Path Measurements}},
booktitle = INFOCOM,
year = {2008}
}
PAGES = {1849-1857},

@InProceedings{convexity,
    author = {F. Baccelli and S. Machiraju and D. Veitch and J. Bolot},
    title = {{On Optimal Probing for Delay and Loss Measurement}},
    booktitle = IMC,
    year = {2007}
}
 pages =        {291-302}
    month = {Oct. 23-26}

@article{teixeira04dynamics,
	author = {R. Teixeira and A. Shaikh and T. Griffin and J. Rexford},
	title = {{Dynamics of Hot-Potato Routing in IP Networks}},
	journal = {SIGMETRICS Perform. Eval. Rev.},
	volume = {32},
	number = {1},
	year = {2004},
	pages = {307--319}
}

@inproceedings{teixeira04routing,
 author = {R. Teixeira and J. Rexford},
 title = {{A Measurement Framework for Pin-pointing Routing Changes}},
 booktitle = {Proc. SIGCOMM Workshop on Network Troubleshooting},
 year = {2004},
}
% address = {Portland, OR}
% isbn = {1-58113-942-9},
% pages = {313--318},
% doi = {http://doi.acm.org/10.1145/1016687.1016704},
% publisher = {ACM},
% address = {New York, NY, USA},

@inproceedings{augustin06paris,
	author = {B. Augustin and X. Cuvellier and B. Orgogozo and F. Viger
		and T. Friedman and M. Latapy and C. Magnien and R. Teixeira},
	title = {{Avoiding Traceroute Anomalies with Paris Traceroute}},
	booktitle = IMC,
	year = {2006},
}
%	address = {Rio de Janeiro, Brazil}
%	pages = {153--158},

@inproceedings{augustin07,
	author = {B. Augustin and T. Friedman and R. Teixeira},
	title = {{Measuring Load-balanced Paths in the Internet}},
	booktitle = IMC,
	year = {2007},
}
%	address = {San Diego, CA}

@inproceedings{bolot99infocom-fec,
	author = {J. Bolot and S. Fosse-Parisis and D. Towsley},
	title = {{Adaptive FEC-Based Error Control for Internet Telephony}},
	booktitle = INFOCOM,
	year = {1999}
}
address = {New York, NY}
% pages = {1453--1460}


@article{oliveira08as2tier,
	author = {R. Oliveira and D. Pei and W. Willinger and B. Zhang
	   	and L. Zhang},
	title = {{Quantifying the Completeness of the Observed Internet AS-level Structure}},
     journal = TON,
     volume = {18},
     number = {1},
     year = {2010},
     pages = {109--122},
     numpages = {14},
}

@article{paxson97routing,
 author = {V. Paxson},
 title = {{End-to-end Routing Behavior in the Internet}},
 journal = TON,
 volume = {5},
 number = {5},
 year = {1997},
 issn = {1063-6692},
 pages = {601--615},
 doi = {http://dx.doi.org/10.1109/90.649563},
 publisher = {IEEE Press},
 address = {Piscataway, NJ, USA},
}



@inproceedings{white02emulab,
	author = {Brian White and Jay Lepreau and Leigh Stoller
		and Robert Ricci and Shashi Guruprasad and Mac Newbold
			and Mike Hibler and Chad Barb and Abhijeet Joglekar},
	title = {{An Integrated Experimental Environment for Distributed
		Systems and Networks}},
	booktitle = OSDI,
	year = {2002}
}
	address = {Boston, MA},
% month = {Dec.},
% pages = "255--270"

@inproceedings{donnet05topology,
	author = {B. Donnet and P. Raoult and T. Friedman and
		M. Crovella},
	title = {{Efficient Algorithms for Large-scale Topology Discovery}},
	booktitle = SIGMETRICS,
	year = {2005},
}
%	address = {Banff, Canada}
% doi = {http://doi.acm.org/10.1145/1064212.1064256},
% publisher = {ACM},
% address = {New York, NY, USA},
% isbn = {1-59593-022-1},
% pages = {327--338},
% Proceedings of the 2005 ACM SIGMETRICS international
% conference on Measurement and modeling of computer systems

@inproceedings{bassett12lifeguard,
	author = {
E. Katz-Bassett and C. Scott and D. R. Choffnes and I. Cunha and V. Valancius and N. Feamster and H. V. Madhyastha and T. Anderson and A. Krishnamurthy},
	title = {{LIFEGUARD: Practical Repair of Persistent Route Failures}},
	booktitle = {Proc. ACM SIGCOMM},
	year = {2012}
}
	month = {Aug.},
	address = {Helsinki, Finland}


@inproceedings{bassett08hubble,
	author = {E. Katz-Bassett and H. Madhyastha and J. P. John
		and A. Krishnamurthy and D. Wetherall and T. Anderson},
	title = {{Studying Black Holes in the Internet with Hubble}},
	booktitle = NSDI,
	year = {2008},
}
%	address = {San Francisco, CA}
% publisher = {USENIX Association},
% address = {Berkeley, CA, USA},
% pages = {247--262},
% Proceedings of the 5th USENIX Symposium on
% Networked Systems Design and Implementation
% isbn = {111-999-5555-22-1},


@inproceedings{he07missinglinks,
	author = {Y. He and G. Siganos and M. Faloutsos and S. Krishnamurthy},
	booktitle = NSDI,
	year = 2007,
	title = {{A Systematic Framework for Unearthing the Missing Links: Measurements and Impact}}
}

@article{gao01asrel,
 author = {L. Gao},
 title = {{On Inferring Autonomous System Relationships in the Internet}},
 journal = {IEEE/ACM Trans. Netw.},
 volume = {9},
 number = {6},
 month = {December},
 year = {2001},
 issn = {1063-6692},
 pages = {733--745},
 numpages = {13},
 url = {http://dx.doi.org/10.1109/90.974527},
 doi = {http://dx.doi.org/10.1109/90.974527},
 acmid = {504616},
 publisher = {IEEE Press},
 address = {Piscataway, NJ, USA},
} 


@inproceedings{cohen06darkmatter,
	author = {R. Cohen and D. Raz},
	booktitle = INFOCOM,
	title = {{The Internet Dark Matter - on the Missing Links in the AS Connectivity Map}},
	year={2006}
}


@inproceedings{zhang04planetseer,
	author = {M. Zhang and C. Zhang and V. Pai and L. Peterson
		and R. Wang},
	title = {{PlanetSeer: Internet Path Failure Monitoring and
		Characterization in Wide-area Services}},
	booktitle = OSDI,
	year = {2004},
}
	address = {San Francisco, CA}
% publisher = {USENIX Association},
% address = {Berkeley, CA, USA},
% pages = {12--12},
% Proceedings of the 6th conference on Symposium 
% on Opearting Systems Design \& Implementation

@inproceedings{barford09perf,
author = {P. Barford and N. Duffield and A. Ron and J. Sommers},
title = {{Network Performance Anomaly Detection and Localization}},
booktitle = INFOCOM,
year = {2009}
}
address = {Rio de Janeiro, Brazil},


@inproceedings{zhao09vpn,
author = {Y. Zhao and Z. Zhu and Y. Chen and D. Pei and J. Wang},
title = {{Towards Efficient Large-Scale VPN Monitoring and Diagnosis under
		Operational Constraints}},
booktitle = INFOCOM,
year = {2009}
}
address = {Rio de Janeiro, Brazil},


@inproceedings{sommers07plabbad,
        author = {J. Sommers and P. Barford},
        title = {{An Active Measurement System for Shared Environments}},
        booktitle = IMC,
        year = {2007},
}
address = {San Diego, CA}

@inproceedings{sommers07sla,
	author = {J. Sommers and P. Barford and N. Duffield and A. Ron},
	title = {Accurate and {E}fficient {SLA} {C}ompliance {M}onitoring},
	booktitle = SIGCOMM,
	year = {2007},
}
	address = {Kyoto, Japan}
% isbn = {978-1-59593-713-1},
% pages = {109--120},
% doi = {http://doi.acm.org/10.1145/1282380.1282394},
% publisher = {ACM},
% address = {New York, NY, USA},
% Proceedings of the 2007 conference on Applications, technologies,
% architectures, and protocols for computer communications

@inproceedings{nguyen09tomo,
	title = {{Minimizing Probing Cost for Detecting Interface Failures:
		Algorithms and Scalability Analysis}},
	author = {H. Nguyen and R. Teixeira and P. Thiran and C. Diot},
	booktitle = INFOCOM,
	year = {2009},
}

@inproceedings{hung04tomo,
	author = {H. Nguyen and P. Thiran},
	title = {{Active Measurement for Multiple Link Failure
		Diagnosis in IP Networks}},
	booktitle = PAM,
	year = {2004},
}
	address = {Antibes-Juan les Pins, France}

@inproceedings{nguyen07lossrateold,
	author={H. Nguyen and P. Thiran},
	booktitle= INFOCOM,
	title = {{The Boolean Solution to the Congested IP Link Location
		Problem: Theory and Practice}},
	year={2007},
}
month=may,
pages={2117 -2125}

@inproceedings{nguyen07lossrate,
	author = {H. Nguyen and P. Thiran},
	title = {{Network Loss Inference with Second Order Statistics of
		End-to-end Flows}},
	booktitle = IMC,
	year = {2007}
}
address = {San Diego, CA}
% Proceedings of the 7th ACM SIGCOMM conference on Internet measurement
% isbn = {978-1-59593-908-1},
% pages = {227--240},
% doi = {http://doi.acm.org/10.1145/1298306.1298339},
% publisher = {ACM},
% address = {New York, NY, USA},


@article{viterbi67,
	author = {A. Viterbi},
	title = {{Error Bounds for Convolutional Codes and an Asymptotically
		Optimum Decoding Algorithm}},
	journal = {IEEE Trans. on Inf. Theory},
	year = {1967},
	volume = {13},
	number = {2},
	pages = {260--269}
}

@article{baum70,
	author = {L. Baum and T. Petrie and G. Soules and N. Weiss},
	title = {{A Maximization Technique Occurring in the Statistical
	   	Analysis of Probabilistic Functions of Markov Chains}},
	journal = {Mathematical Statistics},
	year = {1972},
	volume = {41},
	number = {1},
	pages = {164--171}
}

@article{gilbert60,
	author = {E. Gilbert},
	title = {{Capacity of a Burst-Noise Channel}},
	journal = {Bell Systems Technical Journal},
	year = {1960},
	volume = {39},
	number = {5},
	pages = {1253--1265}
}

@inproceedings{zhang01imw,
	author = {Yin Zhang and Nick Duffield and Vern Paxson
		and Scott Shenker},
	title = {{On the Consistency of Internet Path Properties}},
	booktitle = IMW,
	year = {2001}
}
	address = {San Francisco, CA},

@inproceedings{caesar08presto,
	author = {Matthew Caesar and Jennifer Rexford},
	title = {{Building Bug-tolerant Routers with Virtualization}},
	booktitle = {ACM SIGCOMM PRESTO},
	year = {2008}
}
	address = {Seattle, WA},

@inproceedings{kompella05score,
 author = {R. R. Kompella and J. Yates and A. Greenberg and A. C. Snoeren},
 title = {{IP Fault Localization via Risk Modeling}},
 booktitle = NSDI,
 year = {2005}
} 
 pages = {57--70},
 numpages = {14},
 url = {http://portal.acm.org/citation.cfm?id=1251203.1251208},
 acmid = {1251208},
 publisher = {USENIX Association},
 address = {Berkeley, CA, USA},


@inproceedings{kompella07blackholes,
	author = {R. Kompella and J. Yates and 
		A. Greenberg and A. Snoeren},
	title = {{Detection and Localization of Network Blackholes}},
	booktitle = INFOCOM,
	year = {2007}
}
	address = {Anchorage, AK},
% month = {May}

@article{fang04ldp,
	author = {L. Fang and A. Atlas and F. Chiussi and K. Kompella 
		and G. Swallow},
	title = {{LDP Failure Detection and Recovery}},
	journal = IEEECOM,
	year = {2004},
	volume = {42},
	number = {10},
	pages = {117-123}
}

@inproceedings{mahajan03tulip,
 author = {R. Mahajan and N. Spring and D. Wetherall and T. Anderson},
 title = {{User-level Internet Path Diagnosis}},
 booktitle = SOSP,
 year = {2003}
} 
 location = {Bolton Landing, NY, USA},
 pages = {106--119},
 numpages = {14},

@inproceedings{mahajan02sigcomm,
	author = "R. Mahajan and D. Wetherall and T. Anderson",
	title = {{Understanding BGP Misconfiguration}},
	booktitle = SIGCOMM,
	year = "2002"
}
	address = {Pittsburgh, PA},

@inproceedings{feamster05nsdi,
	author = {N. Feamster and H. Balakrishnan},
	title = {{Detecting BGP Configuration Faults with Static Analysis}},
	booktitle = NSDI,
	year = {2005}
}
	address = {Boston, MA},

@article{duffield06binary,
	author = "N. Duffield",
	title = {{Network Tomography of Binary Network Performance
		Characteristics}},
	journal = "IEEE Trans. on Inf. Theory",
	volume = 52,
	number = 12,
	year = "2006",
	pages = "5373--5388"
}
% month = "Dec.",

@inproceedings{dhamdhere07netdiagnoser,
	author = {A. Dhamdhere and R. Teixeira and 
		C. Drovolis and C. Diot},
	title = {{NetDiagnoser: Troubleshooting Network Unreachabilities Usind
		End-to-end Probes and Routing Data}},
	booktitle = CONEXT,
	year = 2007
}
	address = {New York, NY},


@inproceedings{duffield03simpletomo,
 author = {N. Duffield},
 title = {{Simple Network Performance Tomography}},
 booktitle = IMC,
 year = {2003}
} 
 location = {Miami Beach, FL, USA},
 pages = {210--215},


@inproceedings{cunha08conext,
	author = "Italo Cunha and Renata Teixeira and Nick Feamster and
		Christophe Diot",
	title = {{Distinguishing Persistent Failures from Transient Losses}},
	booktitle = {Proc. of ACM CoNEXT Student Workshop},
	month = {Dec.},
	year = {2008},
	address = {Madrid, Spain}
}

@inproceedings{lakhina03bias,
 author = {A. Lakhina and J. W. Byers and M. Crovella and P. Xie},
 title = {{Sampling Biases in IP Topology Measurements}},
 booktitle = INFOCOM,
 year = {2003}
} 

@inproceedings{kandula09bias,
 author = {S. Kandula and R. Mahajan},
 title = {{Sampling Biases in Network Path Measurements and what to Do
	About It}},
 booktitle = IMC,
 year = {2009},
 isbn = {978-1-60558-771-4},
 location = {Chicago, Illinois, USA},
 pages = {156--169},
 numpages = {14},
} 



@inproceedings{huang07disruptions,
	author = {Y. Huang and N. Feamster and A. Lakhina and J. Xu},
	title = {{Diagnosing Network Disruptions with Network-wide Analysis}},
	booktitle = SIGMETRICS,
	year = {2007},
}
	address = {San Diego, CA}
% isbn = {978-1-59593-639-4},
% pages = {61--72},
% doi = {http://doi.acm.org/10.1145/1254882.1254890},
% publisher = {ACM},
% address = {New York, NY, USA},

@article{huang08ccr,
	author =  {Y. Huang and N. Feamster and R. Teixeira},
	title = {{Practical Issues with Using Network Tomography for 
		Fault Diagnosis}},
	journal = {SIGCOMM CCR},
	volume = {38},
	number = {5},
	year = {2008},
	pages = {53--58}
}
% issn = {0146-4833},
% doi = {http://doi.acm.org/10.1145/1452335.1452343},
% publisher = {ACM},
% address = {New York, NY, USA},

@inproceedings{mahimkar08nice,
	author = {A. Mahimkar and J. Yates and Y. Zhang and
		A. Shaikh and J. Wang and Z. Ge and C. Ee},
	title = {{Troubleshooting Chronic Conditions in Large IP Networks}},
	booktitle = CONEXT,
	year = 2008
}
address = {Madrid, Spain},
% month = "December"


@inproceedings{peterson06planetlab,
	title = {{Experiences Building PlanetLab}},
	author = {L. Peterson and A. Bavier and M. Fiuczynski and 
		S. Muir},
	booktitle = OSDI,
	year = "2006"
}
	address = {Seattle, WA},
% month = NOV,

@inproceedings{hemminger05netem,
	author = {S. Hemminger},
	booktitle = {{Proc. Linux Conf Au}},
	title = {{Network Emulation with NetEm}},
	year = {2005}
}
	address = {Canberra, Australia},
% month = {April},

@inproceedings{wang03passiveloss,
	author = {V. Padmanabhan and L. Qiu and H. Wang},
	title = {{Server-based Inference of Internet Link Lossiness}},
	booktitle = INFOCOM,
	year = {2003},
}
	address = {San Francisco, CA}
% month = March

@inproceedings{baheshti08buffer,
	author = {N. Beheshti and Y. Ganjali and M. Ghobadi and N.
		McKeown and G. Salmon},
	title = {{Experimental Study of Router Buffer Sizing}},
	booktitle = IMC,
	year = {2008}
}
address = {Vouliagmeni, Greece}
% pages = {197--210},
% month = Oct.

@inproceedings{savage99sting,
 author = {S. Savage},
 title = {{Sting: a TCP-based Network Measurement Tool}},
 booktitle = {Proc. USENIX Symp. on Internet Technologies and Systems},
 year = {1999},
} 
 location = {Boulder, Colorado},
 pages = {7--7},
 numpages = {1},
 url = {http://portal.acm.org/citation.cfm?id=1251480.1251487},
 acmid = {1251487},
 publisher = {USENIX Association},
 address = {Berkeley, CA, USA},


@inproceedings{choi05delay,
 author = {B.-Y. Choi and S. Moon and R. Cruz and Z.-L. Zhang and C. Diot},
 title = {{Practical Delay Monitoring for ISPs}},
 booktitle = CONEXT,
 year = {2005}
}
 isbn = {1-59593-197-X},
 location = {Toulouse, France},
 pages = {83--92},
 numpages = {10},
 

@inproceedings{dina03smallts,
	author = {Konstantina Papagiannaki and Rene Cruz and Christophe Diot},
	title = {{Network Performance Monitoring at Small Time Scales}},
	booktitle = IMC,
	year = {2003},
}
	address = {Miami Beach, FL}
%pages = {295--300},

@inproceedings{sommers05sigcomm,
	author = {Joel Sommers and Paul Barford and Nick Duffield and Amos Ron},
	title = {{Improving Accuracy in End-to-end Packet Loss Measurement}},
	booktitle = SIGCOMM,
	year = {2005},
}
	address = {Philadelphia, PA}
% pages = {157--168},

@inproceedings{sommers07sigcomm-slam,
	author = {Joel Sommers and Paul Barford and Nick Duffield and Amos Ron},
	title = {{Accurate and Efficient SLA Compliance Monitoring}},
	booktitle = SIGCOMM,
	year = {2007},
}
	address = {Kyoto, Japan}
% pages = {109--120},

@article{bejerano03infocom,
	author = {Y. Bejerano and R. Rastogi},
	title = {{Robust Monitoring of Link Delays and Faults in IP Networks}},
	journal = TON,
	volume = {14},
	number = {5},
	year = {2006},
	pages = {1092--1103},
	doi = {http://dx.doi.org/10.1109/TNET.2006.882907},
	publisher = {IEEE Press},
	address = {Piscataway, NJ, USA},
}

@inproceedings{rabbat04logical,
	author = {M. Rabbat and M. Coates and R. Nowak},
	title = {{Multiple Source, Multiple Destination Network Tomography}},
	booktitle = INFOCOM,
	year = {2004},
}
	address = {Hong Kong, China}

@inproceedings{sherwood08discarte,
	author = {R. Sherwood and A. Bender and N. Spring},
	title = {{DisCarte: a Disjunctive Internet Cartographer}},
	booktitle = SIGCOMM,
	year = {2008},
}
%	address = {Seattle, WA}

@inproceedings{spring02rocketfuel,
	author = {N. Spring and R. Mahajan and D. Wetherall},
	title = {{Measuring ISP Topologies with Rocketfuel}},
	booktitle = SIGCOMM,
	year = {2002},
}
%	address = {Pittsburgh, PA}
% location = {Pittsburgh, Pennsylvania, USA},
% doi = {http://doi.acm.org/10.1145/633025.633039},
% publisher = {ACM},

@inproceedings{donnet05sigmetrics-tracetree,
	author = {B. Donnet and P. Raoult and T. Friedman and M. Crovella},
	title = {{Efficient Algorithms for Large-scale Topology Discovery}},
	booktitle = SIGMETRICS,
	year = {2005},
	address = {Banff, Canada}
}

@inproceedings{barford01marginal,
 author = {P. Barford and A. Bestavros and J. Byers and M. Crovella},
 title = {{On the Marginal Utility of Network Topology Measurements}},
 booktitle = IMW,
 year = {2001}
} 
 isbn = {1-58113-435-5},
 location = {San Francisco, California, USA},

@inproceedings{navratil03bw,
title = {{ABwE: A Practical Approach to Available Bandwidth Estimation}},
author = {J. Navratil and R. L. Cottrell},
booktitle = PAM,
year = {2003}
}

@inproceedings{ribeiro03pathchirp,
    author = {V. J. Ribeiro and R. H. Riedi and R. G. Baraniuk and
	J. Navratil and R. L. Cottrell},
    title = {{pathChirp: Efficient Available Bandwidth Estimation for
	Network Paths}},
	booktitle = PAM,
    year = {2003}
}

@inproceedings{sommers06calibration,
 author = {J. Sommers and P. Barford and W. Willinger},
 title = {{A Proposed Framework for Calibration of Available
	Bandwidth Estimation Tools}},
 booktitle = {Proc. IEEE Symp. on Comp. and Comm.},
 year = {2006}
} 
 isbn = {0-7695-2588-1},
 pages = {709--718},
 numpages = {10},
 url = {http://portal.acm.org/citation.cfm?id=1157733.1157892},
 doi = {10.1109/ISCC.2006.15},
 acmid = {1157892},
 publisher = {IEEE Computer Society},
 address = {Washington, DC, USA},


@inproceedings{strauss03bw,
 author = {J. Strauss and D. Katabi and F. Kaashoek},
 title = {{A Measurement Study of Available Bandwidth Estimation Tools}},
 booktitle = IMC,
 year = {2003}
} 
 isbn = {1-58113-773-7},
 location = {Miami Beach, FL, USA},
 pages = {39--44},
 numpages = {6},
 url = {http://doi.acm.org/10.1145/948205.948211},
 doi = {http://doi.acm.org/10.1145/948205.948211},
 acmid = {948211},
 publisher = {ACM},
 address = {New York, NY, USA},
 keywords = {available bandwidth},


@inproceedings{kapoor04capprobe,
 author = {R. Kapoor and L.-J. Chen and A. Nandan and M. Gerla and
	M. Y. Sanadidi},
 title = {{CapProbe: a Simple and Accurate Capacity Estimation Technique
	for Wired and Wireless Environments}},
 booktitle = SIGMETRICS,
 year = {2004},
} 
 isbn = {1-58113-873-3},
 location = {New York, NY, USA},
 pages = {390--391},
 numpages = {2},
 url = {http://doi.acm.org/10.1145/1005686.1005732},
 doi = {http://doi.acm.org/10.1145/1005686.1005732},
 acmid = {1005732},
 publisher = {ACM},
 address = {New York, NY, USA},
 keywords = {capacity estimation, delay, dispersion, packet pair},


@inproceedings{dovrolis01dispersion,
    author = {C. Dovrolis and P. Ramanathan and D. Moore},
    title = {{What Do Packet Dispersion Techniques Measure?}},
	booktitle = INFOCOM,
    year = {2001}
}

@inproceedings{downey99clink,
 author = {A. B. Downey},
 title = {{Using Pathchar to Estimate Internet Link Characteristics}},
 booktitle = SIGCOMM,
 year = {1999}
} 
 isbn = {1-58113-135-6},
 location = {Cambridge, Massachusetts, United States},
 pages = {241--250},
 numpages = {10},
 url = {http://doi.acm.org/10.1145/316188.316228},
 doi = {http://doi.acm.org/10.1145/316188.316228},
 acmid = {316228},
 publisher = {ACM},
 address = {New York, NY, USA},


@inproceedings{lai00bandwidth,
 author = {K. Lai and M. Baker},
 title = {{Measuring Link Bandwidths Using a Deterministic Model of Packet
	Delay}},
 booktitle = SIGCOMM,
 year = {2000}
} 
 isbn = {1-58113-223-9},
 location = {Stockholm, Sweden},
 pages = {283--294},
 numpages = {12},
 url = {http://doi.acm.org/10.1145/347059.347557},
 doi = {http://doi.acm.org/10.1145/347059.347557},
 acmid = {347557},
 publisher = {ACM},
 address = {New York, NY, USA},


@inproceedings{goldoni10bandwidth,
author = {E. Goldoni and M. Schivi},
title = {{End-to-End Available Bandwidth Estimation Tools, an
	Experimental Comparison}},
booktitle = {Proc. of Traffic Monitoring and Analysis},
year = {2010}
}

@article{jain03pathload,
 author = {M. Jain and C. Dovrolis},
 title = {{End-to-end Available Bandwidth: Measurement
		Methodology, Dynamics, and Relation with TCP Throughput}},
 journal = TON,
 volume = {11},
 number = {4},
 year = {2003},
 pages = {537--549}
} 
 month = {Aug.},
 issn = {1063-6692},
 numpages = {13},
 url = {http://dx.doi.org/10.1109/TNET.2003.815304},
 doi = {http://dx.doi.org/10.1109/TNET.2003.815304},
 acmid = {941378},
 publisher = {IEEE Press},
 address = {Piscataway, NJ, USA},
 keywords = {active probing, bottleneck bandwidth, bulk transfer capacity, network capacity, packet pair dispersion},

@article{barford04ic,
	author = {P. Barford and J. Sommers},
	title = {{Comparing Probe- and Router-Based Packet-Loss Measurement}},
	journal = {IEEE Internet Computing},
	volume = {8},
	number = {5},
	year = {2004},
	issn = {1089-7801},
	pages = {50--56},
	doi = {http://dx.doi.org/10.1109/MIC.2004.34},
	publisher = {IEEE Educational Activities Department},
	address = {Piscataway, NJ, USA},
}

@article{paxson09packet,
	author = {V. Paxson},
	title = {{End-to-end Internet Packet Dynamics}},
	journal = TON,
	volume = {7},
	number = {3},
	year = {1999},
	pages = {277--292}
}
	issn = {1063-6692},
	doi = {http://dx.doi.org/10.1109/90.779192},
	publisher = {IEEE Press},
	address = {Piscataway, NJ, USA},

@inproceedings{duffield01adaptive,
	author = {N. Duffield and J. Horowitz and F. Prestis},
	title = {{Adaptive Multicast Topology Inference}},
	booktitle = INFOCOM,
	year = {2001},
}
	address = {Anchorage, AK}


@article{duffield04delaytomo,
 author = {N. Duffield and F. L. Presti},
 title = {{Network Tomography from Measured End-to-end Delay Covariance}},
 journal = TON,
 volume = {12},
 number = {6},
 month = {December},
 year = {2004},
 issn = {1063-6692},
 pages = {978--992},
 numpages = {15},
 url = {http://dx.doi.org/10.1109/TNET.2004.838612},
 doi = {http://dx.doi.org/10.1109/TNET.2004.838612},
 acmid = {1046016},
 publisher = {IEEE Press},
 address = {Piscataway, NJ, USA},
 keywords = {end-to-end measurement, multicast, packet delay, statistical inference, topology discovery},
} 

@article{caceres99minc,
	title = {{Multicast-based Inference of Network-internal Loss
		Characteristics}},
	author = {R. Caceres and N. Duffield and J. Horowitz and D. Towsley},
	journal = {IEEE Trans. on Inf. Theory},
	volume = {45},
	number = {7},
	year = {1999},
	pages = {2462--2480}
}

@inproceedings{madhyastha06iplane,
	author = {H. Madhyastha and T. Isdal and M. Piatek and
		C. Dixon and T. Anderson and A. Krishnamurthy and A.
			Venkataramani},
	title = {{iPlane: an Information Plane for Distributed Services}},
	booktitle = OSDI,
	year = {2006},
}
%	address = {Seattle, WA},
% pages = {367--380},

@article{quake1,
title = {{Rush to Fix Quake-Damaged Undersea Cables}},
author = {O. Fletcher and J. Osawa},
journal = {The Wall Street Journal},
year = {2011},
month = {March}
}

@misc{bgpmux,
title = {{BGP-Mux Transit Portal}},
note = {\url{http://tp.gtnoise.net}}
}


@article{quake3,
author = {T. Parfitt},
title = {{Georgian woman cuts off web access to whole of
	Armenia}},
journal = {The Guardian},
year = {2011},
month = {April}
}


@misc{lookingglass,
title = {{Traceroute.org Looking Glass Servers}},
note = {http://www.traceroute.org}
}

@misc{quake2,
title = {{Wikipedia --- 2008 submarine cable disruption}}
}

@article{quake4,
	author = {A. A. Zain},
	title = {{Cable damage hits one million Internet users in UAE}},
	journal = {Khaleej Times},
	year = {2008},
	month = {Feb.}
}

@misc{ixp,
	title = {{Wikipedia - Internet exchange point}}
}

@misc{nanog,
	title = {{North American Network Operators' Group (NANOG) --
		Mailing Lists}},
	note = {\newline{}http://www.nanog.org/mailinglist/}
}

@misc{outages,
	title = {{Outages Mailing Lists}},
	note = {http://www.outages.org}
}

@misc{grenouille,
	title = {{Grenouille. La M\'et\'eo du Net}},
	note = {http://www.grenouille.com/}
}

@misc{samknows,
	title = {{SamKnows. Broadband Performance, Availability, and Speed}},
	note = {\newline{}http://www.samknows.com}
}


@misc{cymru,
	title = {{IP to ASN Mapping}},
	author = {{Team Cymru}},
	note = {\url{http://www.team-cymru.org/Services/ip-to-asn.html}}
}

@misc{routeviews,
	title = {{The University of Oregon Routeviews Project}},
	note = {http://www.routeviews.org}
}

@misc{cunha10datasets,
	title = {{Periodic Paris Traceroute Measurements of the Internet}},
	note = {http://www.thlab.net/~cunha/datasets}
}


@misc{skitter000old,
	title = {{The CAIDA IPv4 Routed /24 Topology Dataset}},
	author = {Y. Hyun and B. Huffaker and D. Andersen and E. Aben
		and C. Shannon and M. Luckie and K. Claffy},
	note = {http://www.caida.org/projects/ark/}
}

@misc{irr,
	title = {{Internet Routing Registry}},
	note = {http://www.irr.net}
}

@misc{arin,
	title = {{American Registry for Internet Numbers}},
	note = {http://www.arin.net}
}

@misc{ripe,
	title = {{RIPE Network Coordination Centre}},
	note = {http://www.ripe.net}
}


@misc{ripettm,
	title = {{RIPE Test Traffic Measurement Service}},
	note = {\newline{}http://www.ripe.net/data-tools/stats/ttm}
}

@misc{riperis,
	title = {{RIPE Routing Information Service}},
	note = {http://www.ripe.net/data-tools/stats/ris}
}

@misc{keynote,
	title = {{Keynote Systems, Inc.}},
	note = {http://www.keynote.com}
}

@inproceedings{govindan00mercator,
	author = {R. Govindan and H. Tangmunarunkit},
	booktitle = INFOCOM,
	title = {{Heuristics for Internet Map Discovery}},
	year = {2000},
}
%	address = {Tel Aviv, Israel}

@inproceedings{wong05meridian,
 author = {B. Wong and A. Slivkins and E. G. Sirer},
 title = {{Meridian: a Lightweight Network Location Service without Virtual
	Coordinates}},
 booktitle = SIGCOMM,
 year = {2005}
} 
 isbn = {1-59593-009-4},
 location = {Philadelphia, Pennsylvania, USA},
 pages = {85--96},
 numpages = {12},
 url = {http://doi.acm.org/10.1145/1080091.1080103},
 doi = {http://doi.acm.org/10.1145/1080091.1080103},
 acmid = {1080103},
 publisher = {ACM},
 address = {New York, NY, USA},
 keywords = {nearest neighbor, network locality, node selection},



@inproceedings{dabek04vivaldi,
 author = {F. Dabek and R. Cox and F. Kaashoek and R. Morris},
 title = {{Vivaldi: a Decentralized Network Coordinate System}},
 booktitle = SIGCOMM,
 year = {2004},
} 
 address = {Portland, OR},
 pages = {15--26},

@article{coates02topo-journal,
	author = {M. Coates and R. Castro and R. Nowak and M. Gadhiok
		and R. King and Y. Tsang},
	title = {{Maximum Likelihood Network Topology Identification from Edge-based
		Unicast Measurements}},
	journal = {SIGMETRICS Perform. Eval. Rev.},
	volume = {30},
	number = {1},
	year = {2002},
	pages = {11--20}
}

@inproceedings{coates02topo,
	author = {M. Coates and R. Castro and R. Nowak and M. Gadhiok
		and R. King and Y. Tsang},
	title = {{Maximum Likelihood Network Topology Identification from Edge-based
		Unicast Measurements}},
	booktitle = SIGMETRICS,
	year = {2002},
	address = {Marina Del Rey, CA}
}
% pages = {11--20},

@inproceedings{duffield01unicast,
    author = {N. Duffield and F. L. Presti and V. Paxson and D. Towsley},
    title = {{Inferring Link Loss Using Striped Unicast Probes}},
    booktitle = INFOCOM,
    year = {2001}
}

@article{presti02delay,
author={F. L. Presti and N. Duffield and J. Horowitz and D. Towsley},
journal = TON,
title={{Multicast-based Inference of Network-internal Delay Distributions}},
year={2002},
volume={10},
number={6},
pages={761--775}
}
month={Dec.},

@article{adams00multitomo,
author={A. Adams and B. Tian and T. Friedman and J. Horowitz and D. Towsley
	and R. Caceres and N. Duffield and F. L. Presti and S. B. Moon and
	V. Paxson},
	journal = {IEEE Comm. Mag.},
	title = {{The Use of End-to-end Multicast Measurements for
		Characterizing Internal Network Behavior}},
	year={2000},
	month={May},
	volume={38},
	number={5},
	pages={152--159},
}

@inproceedings{anagnostakis03cing,
    author = {K. G. Anagnostakis and M. Greenwald},
    title = {{cing: Measuring Network-Internal Delays Using only Existing Infrastructure}},
    booktitle = INFOCOM,
    year = {2003}
}

@inproceedings{eriksson07structure,
	author = {B. Eriksson and P. Barford and R. Nowak and
		M. Crovella},
	title = {{Learning Network Structure from Passive Measurements}},
	booktitle = IMC,
	year = {2007},
}
	address = {San Diego, CA}
% pages = {209--214},

@inproceedings{chua05e2e,
 author = {D. Chua and E. D. Kolaczyk and M. Crovella},
 title = {{A Statistical Framework for Efficient Monitoring of End-to-end
	Network Properties}},
 booktitle = SIGMETRICS,
 year = {2005}
} 
 location = {Banff, Alberta, Canada},
 pages = {390--391},


@article{athina08link,
	author = {A. Markopoulou and G. Iannaccone and S. Bhattacharyya and
		C. N. Chuah and Y. Ganjali and C. Diot},
	title = {{Characterization of Failures in an Operational IP Backbone
		Network}},
	journal = TON,
	volume = {16},
	number = {4},
	year = {2008},
	pages = {749--762}
}
%	issn = {1063-6692},
%	doi = {http://dx.doi.org/10.1109/TNET.2007.902727},
%	publisher = {IEEE Press},
%	address = {Piscataway, NJ, USA},
	
@article{shavitt05dimes,
	author = {Y. Shavitt and E. Shir},
	title = {{DIMES: Let the Internet Measure Itself}},
	journal = {SIGCOMM Comput. Commun. Rev.},
	volume = {35},
	number = {5},
	year = {2005},
	pages = {71--74},
}

@inproceedings{feamster03reactive,
	author = {N. Feamster and D. Andersen and H. Balakrishnan and
		F. Kaashoek},
	title = {{Measuring the Effects of Internet Path Faults on Reactive
		Routing}},
	booktitle = SIGMETRICS,
	year = {2003},
}
%	address = {San Diego, CA}

@inproceedings{oliveira07evolution,
	author = {R. Oliveira and B. Zhang and L. Zhang},
	title = {{Observing the Evolution of Internet AS Topology}},
	booktitle = SIGCOMM,
	year = {2007}
}
%	pages = {313--324},

@inproceedings{dhamdhere08evo,
	author = {A. Dhamdhere and C. Dovrolis},
	title = {{Ten Years in the Evolution of the Internet Ecosystem}},
	booktitle = IMC,
	year = {2008}
}

@inproceedings{magnien09dynamics,
	author = {C. Magnien and F. Ouedraogo and G. Valadon and M. Latapy},
	title = {{Fast Dynamics in Internet Topology: Observations and
		First Explanations}},
	booktitle = {Proc. ICIMP},
	year = {2009},
}
	address = {Venice, Italy}
% booktitle = {ICIMP '09: Proceedings of the 2009 Fourth International
% Conference on Internet Monitoring and Protection},
%	isbn = {978-0-7695-3612-5},
%	pages = {137--142},
%	doi = {http://dx.doi.org/10.1109/ICIMP.2009.29},
%	publisher = {IEEE Computer Society},
%	address = {Washington, DC, USA},

@book{stevens94tcpip,
	title = {{TCP/IP Illustrated, Volume 1: The Protocols}},
	author = {W. Richard Stevens},
	publisher = {Addison-Wesley}
}

@book{wolfgang08nagios,
	title = {{Nagios: System and Network Monitoring}},
	author = {W. Barth},
	publisher = {No Starch Press}
}





@inproceedings{latapy08radar,
	author = {M. Latapy and C. Magnien and F. Ou\'{e}draogo},
	title = {{A Radar for the Internet}},
	booktitle = {Proc. Intl. Workshop on Analysis of Dynamic Networks},

	year = {2008}
}
% address = {Pisa, Italy}
%pages = {901--908},


@inproceedings{medina02matrix,
	author = {A. Medina and N. Taft and K. Salamatian and S. Bhattacharyya
		and C. Diot},
	title = {{Traffic Matrix Estimation: Existing Techniques and New
	Directions}},
	booktitle = SIGCOMM,
	year = {2002},
}
%	pages = {161--174},

@article{andersen01ron,
 author = {D. Andersen and H. Balakrishnan and F. Kaashoek and R. Morris},
 title = {{Resilient Overlay Networks}},
 journal = {SIGOPS Oper. Syst. Rev.},
 volume = {35},
 number = {5},
 year = {2001},
 issn = {0163-5980},
 pages = {131--145},
 doi = {http://doi.acm.org/10.1145/502059.502048},
 publisher = {ACM},
 address = {New York, NY, USA},
}

@inproceedings{hefeeda03promise,
 author = {M. Hefeeda and A. Habib and B. Botev and D. Xu and B. Bhargava},
 title = {{PROMISE: Peer-to-peer Media Streaming using CollectCast}},
 booktitle = {Proc. of ACM MULTIMEDIA},
 year = {2003},
 address = {Berkeley, CA},
}
doi = {http://doi.acm.org/10.1145/957013.957022},
pages = {45--54},

@inproceedings{rexford02stability,
	author = {J. Rexford and J. Wang and Z. Xiao and Y. Zhang},
	title = {{BGP Routing Stability of Popular Destinations}},
	booktitle = IMW,
	year = {2002},
}
	address = {Marseille, France}
%	isbn = {1-58113-603-X},
%	pages = {197--202},

@inproceedings{labovitz:sigcomm97,
	author = {C. Labovitz and R. Malan and F. Jahanian},
	title = {{Internet Routing Instability}},
	booktitle = SIGCOMM,
	year = {1997}
}

@inproceedings{bu02general,
 author = {T. Bu and N. Duffield and F. L. Presti and D. Towsley},
 title = {{Network Tomography on General Topologies}},
 booktitle = SIGMETRICS,
 year = {2002}
} 
 location = {Marina Del Rey, California},
 pages = {21--30},
 numpages = {10},

@inproceedings{bush:imc09,
	author	= {R. Bush and O. Maennel and M. Roughan and S. Uhlig},
	title	= {{Internet Optometry: Assessing the Broken Glasses in Internet Reachability}},
	booktitle	= IMC,
	year	= {2009}
}

@inproceedings{cunha09imc,
	author	= {I. Cunha and R. Teixeira and N. Feamster and C. Diot},
	title	= {{Measurement Methods for Fast and Accurate Blackhole Identification with Binary Tomography}},
	booktitle	= IMC,
	year	= {2009}
}
@article{cunha09toporeport,
	author = "Italo Cunha and Renata Teixeira and Laurent Massoulie and
		Christophe Diot",
	title = {{Characterization of IP Dynamics}},
	journal = {Thomson Technical Report TR-2009-10-0051}
}

@article{cunha10imctr,
	author = "I. Cunha and R. Teixeira and C. Diot",
	title = {{Measuring and Characterizing Internet Path Dynamics in the
	   	Presence of Load Balancers}},
	journal = {Technicolor Technical Report TR-2010-05-00XX (under
			review for PAM 2011)},
	note = {Available at: \url{http://www.thlab.net/~cunha/}}
}

@article{cunha10sigcomm-report,
	author = "I. Cunha and R. Teixeira and C. Diot",
	title = {{Tracking the Evolution of IP Topologies: Change Detection and
		Local Remapping}},
	journal = {Technicolor Technical Report CR-PRL-2010-03-0001}
}

@inproceedings{mad09inano,
	author = {H. Madhyastha and E. Katz-Bassett and T. Anderson
		and A. Krishnamurthy and A. Venkataramani},
	title = {{iPlane Nano: Path Prediction for Peer-to-peer Applications}},
	booktitle = NSDI,
	year = {2009}
}
%	pages = {137--152},

@inproceedings{zhao01moas,
 author = {X. Zhao and D. Pei and L. Wang and D. Massey and A. Mankin and
	S. F. Wu and L. Zhang},
 title = {{An Analysis of BGP Multiple Origin AS (MOAS) Conflicts}},
 booktitle = IMW,
 year = {2001},
} 
 isbn = {1-58113-435-5},
 pages = {31--35},
 numpages = {5}
 location = {San Francisco, California, USA},

@misc{jacobson1989traceroute,
author = {V. Jacobson},
title = {traceroute},
month = {Feb},
year = 1989,
note = {Available at ftp://ftp.ee.lbl.gov/traceroute.tar.gz}
}


@misc{ippmjitterrfc,
title = {{RFC 3393: IP Packet Delay Variation Metric for IP Performance
		Metrics (IPPM)}},
month = {Nov.},
year = {2002},
note = {http://www.ietf.org/rfc/rfc3393.txt}
}

@misc{mplsrfc,
title = {{RFC 3031: Multiprotocol Label Switching Architecture}},
month = {Jan.},
year = {2001},
note = {\newline{}http://www.ietf.org/rfc/rfc3031.txt}
}


@misc{rtprfc,
title = {{RFC 3550: RTP: A Transport Protocol for Real-Time Applications}},
month = {Jul.},
year = {2003},
note = {\newline{}http://www.ietf.org/rfc/rfc3550.txt}
}


@misc{natrfc,
title = {{RFC 3022: Traditional IP Network Address Translator}},
month = {Jan.},
year = {2001},
note = {\newline{}http://www.ietf.org/rfc/rfc3022.txt}
}

@misc{snmprfc,
author = {D. Harrington and R. Presuhn and B. Wijnen},
title = {{RFC 3411: An Architecture for Describing Simple Network Management
	Protocol (SNMP) Management Frameworks}},
month = {Dec.},
year = {2002}
}
note = {\newline{}http://www.ietf.org/rfc/rfc3411.txt}

@misc{bgprfc,
title = {{RFC 4271: A Border Gateway Protocol 4 (BGP-4)}},
month = {Jan.},
year = {2006},
note = {\newline{}http://www.ietf.org/html/rfc4271.txt}
}

@misc{rpslrfc,
title = {{RFC 2622: Routing Policy Specification Language (RPSL)}},
month = {Jun.},
year = {1999},
note = {\newline{}http://www.ietf.org/rfc/rfc2622.txt}
}

@misc{icmprfc,
title = {{RFC 792: Internet Control Message Protocol (ICMP)}},
month = {Sep.},
year = {1981},
note = {\newline{}http://www.ietf.org/rfc/rfc792.txt}
}



@misc{dnsrfc,
	title = {{RFC 1035: Domain Names -- Implementation and
		Specification}},
	month = {Nov.},
	year = {1987},
	note = {\newline{}http://www.ietf.org/rfc/rfc1035.txt}
}

@misc{claffy99tomography,
title = {{Internet Tomograpy}},
author = {K. Claffy, T. E. Monk, D. McRobb},
booktitle = {Nature web matters},
journal = {Nature web matters},
month = {Jan.},
year = {1999}
}

@article{francis01idmaps,
	author = {P. Francis and S. Jamin and C. Jin and Y. Jin and D. Raz
		and Y. Shavitt and L. Zhang},
	title = {{IDMaps: a Global Internet Host Distance Estimation Service}},
	journal = TON,
	volume = {9},
	number = {5},
	year = {2001},
	pages = {525--540},
} 
	month = {October},

@misc{ospfrfc,
title = {{RFC 2328: OSPF Version 2}},
month = {Apr.},
year = {1998},
note = {http://www.ietf.org/rfc/rfc2328.txt}
}

@misc{isisrfc,
title = {{RFC 1142: OSI IS-IS Intra-domain Routing Protocol}},
month = {Feb.},
year = {1990},
note = {\newline{}http://www.ietf.org/rfc/rfc1142.txt}
}

@misc{netflowrfc,
title = {{RFC 3954: Cisco Systems NetFlow Services Export Version 9}},
month = {Oct.},
year = {2004},
note = {\newline{}http://www.ietf.org/rfc/rfc3954.txt}
}

@misc{ipfixrfc,
title = {{RFC 5101: Specification of the IP Flow Information Export
(IPFIX) Protocol for the Exchange of IP Traffic Flow Information}},
month = {Jan.},
year = {2008},
note = {\newline{}http://www.ietf.org/rfc/rfc5101.txt}
}

@misc{hpopenview,
title = {{HP Business Technology Optimization (BTO) Software}},
note = {\newline{}http://welcome.hp.com/country/us/en/prodserv/software.html}
}

@misc{ibmtivoli,
title = {{IBM Tivoli}},
note = {http://www.ibm.com/software/tivoli/}
}


@misc{iprfc,
title = {{RFC 791: Internet Protocol}},
month = {Sep.},
year = {1981},
note = {http://www.ietf.org/rfc/rfc791.txt}
}

@misc{ippmdelayrfc,
title = {{RFC 2679: A One-way Delay Metric for IPPM}},
month = {Sep.},
year = {1999},
note = {\newline{}http://www.ietf.org/rfc/rfc2679.txt}
}

@misc{ippmlossrfc,
title = {{RFC 2680: A One-way Packet Loss Metric for IPPM}},
month = {Sep.},
year = {1999},
note = {\newline{}http://www.ietf.org/rfc/rfc2680.txt}
}

@inproceedings{aggarwal09netprints,
 author = {B. Aggarwal and R. Bhagwan and T. Das and S. Eswaran and
	V. N. Padmanabhan and G. M. Voelker},
 title = {{NetPrints: Diagnosing Home Network Misconfigurations Using
	Shared Knowledge}},
 booktitle = NSDI,
 year = {2009}
} 
 location = {Boston, Massachusetts},
 pages = {349--364},
 numpages = {16},
 url = {http://portal.acm.org/citation.cfm?id=1558977.1559001},
 acmid = {1559001},
 publisher = {USENIX Association},
 address = {Berkeley, CA, USA},


@inproceedings{zhang08ispy,
 author = {Z. Zhang and Y. Zhang and Y. C. Hu and Z. M. Mao and R. Bush},
 title = {{iSPY: Detecting IP Prefix Hijacking On My Own}},
 booktitle = SIGCOMM,
 year = {2008}
} 
 isbn = {978-1-60558-175-0},
 location = {Seattle, WA, USA},
 pages = {327--338},
 numpages = {12},
 url = {http://doi.acm.org/10.1145/1402958.1402996},
 doi = {http://doi.acm.org/10.1145/1402958.1402996},
 acmid = {1402996},
 publisher = {ACM},
 address = {New York, NY, USA},
 keywords = {bgp, detection, hijacking, routing},

@misc{tcprfc,
title = {{RFC 793: Transmission Control Protocol}},
month = {Sep.},
year = {1981},
note = {http://www.ietf.org/rfc/rfc793.txt}
}

@InProceedings{shaikh:nsdi04,
  author = 	 {A. Shaikh and A. Greenberg},
  title = 	 {{OSPF Monitoring: Architecture, Design and Deployment Experience}},
  booktitle = NSDI,
  year = 	 {2004}
}

@inproceedings{feldman07popmap,
    author = {D. Feldman and Y. Shavitt},
    title = {{Automatic Large Scale Generation of Internet PoP Level Maps}},
    booktitle = GLOBECOM,
    year = {2007}
}

@inproceedings{basset06geoloc,
 author = {E. Katz-Bassett and J. P. John and A. Krishnamurthy and
	D. Wetherall and T. Anderson and Y. Chawathe},
 title = {{Towards IP Geolocation Using Delay and Topology Measurements}},
 booktitle = IMC,
 year = {2006}
} 
 isbn = {1-59593-561-4},
 location = {Rio de Janeriro, Brazil},
 pages = {71--84},
 numpages = {14},
 url = {http://doi.acm.org/10.1145/1177080.1177090},
 doi = {http://doi.acm.org/10.1145/1177080.1177090},
 acmid = {1177090},
 publisher = {ACM},
 address = {New York, NY, USA},
 keywords = {delay measurements, geolocation, network topology, route measurements},


@inproceedings{padmanabhan01geomap,
 author = {V. N. Padmanabhan and L. Subramanian},
 title = {{An Investigation of Geographic Mapping Techniques for
	Internet Hosts}},
 booktitle = SIGCOMM,
 year = {2001}
} 
 isbn = {1-58113-411-8},
 location = {San Diego, California, United States},
 pages = {173--185},
 numpages = {13},
 url = {http://doi.acm.org/10.1145/383059.383073},
 doi = {http://doi.acm.org/10.1145/383059.383073},
 acmid = {383073},
 publisher = {ACM},
 address = {New York, NY, USA},

@inproceedings{andreas05perfsonar,
   author = {A. Hanemann and J. Boote and E. Boyd and J. Durand and
	L. Kudarimoti and R. Lapacz and D. Swany and S. Trocha and
	J. Zurawski},
   title = {{PerfSONAR: A Service Oriented Architecture for Multi-domain Network Monitoring}},
   booktitle = {Proc. ICSOC},
   year = {2005}
}


@inproceedings{choffnes10crowd,
 author = {D. R. Choffnes and F. E. Bustamante and Z. Ge},
 title = {{Crowdsourcing Service-level Network Event Monitoring}},
 booktitle = SIGCOMM,
 year = {2010}
} 
 isbn = {978-1-4503-0201-2},
 location = {New Delhi, India},
 pages = {387--398},
 numpages = {12},
 url = {http://doi.acm.org/10.1145/1851182.1851228},
 doi = {http://doi.acm.org/10.1145/1851182.1851228},
 acmid = {1851228},
 publisher = {ACM},
 address = {New York, NY, USA},
 keywords = {P2P, anomaly detection, crowdsourcing, service-level network events},


@inproceedings{yan10grca,
 author = {H. Yan and L. Breslau and Z. Ge and D. Massey and D. Pei and
	J. Yates},
 title = {{G-RCA: a Generic Root Cause Analysis Platform for Service Quality
	Management in Large IP Networks}},
 booktitle = CONEXT,
 year = {2010}
} 
 isbn = {978-1-4503-0448-1},
 location = {Philadelphia, Pennsylvania},
 pages = {5:1--5:12},
 articleno = {5},
 numpages = {12},
 url = {http://doi.acm.org/10.1145/1921168.1921175},
 doi = {http://doi.acm.org/10.1145/1921168.1921175},
 acmid = {1921175},
 publisher = {ACM},
 address = {New York, NY, USA},


@inproceedings{gunes09probe,
 author = {M. H. Gunes and K. Sarac},
 title = {{Analyzing Router Responsiveness to Active Measurement Probes}},
 booktitle = PAM,
 year = {2009}
} 
 isbn = {978-3-642-00974-7},
 location = {Seoul, Korea},
 pages = {23--32},
 numpages = {10},
 url = {http://dx.doi.org/10.1007/978-3-642-00975-4_3},
 doi = {http://dx.doi.org/10.1007/978-3-642-00975-4_3},
 acmid = {1532944},
 publisher = {Springer-Verlag},
 address = {Berlin, Heidelberg},
 keywords = {Internet measurement, active measurements},


@inproceedings{gunes07subnets,
 author = {M. H. Gunes and K. Sarac},
 title = {{Inferring Subnets in Router-level Topology Collection Studies}},
 booktitle = IMC,
 year = {2007}
} 
 isbn = {978-1-59593-908-1},
 location = {San Diego, California, USA},
 pages = {203--208},
 numpages = {6},
 url = {http://doi.acm.org/10.1145/1298306.1298334},
 doi = {http://doi.acm.org/10.1145/1298306.1298334},
 acmid = {1298334},
 publisher = {ACM},
 address = {New York, NY, USA},
 keywords = {router-level map, subnet inference, topology discovery},


@Misc{mortier-pyrt,
  author = 	 {R. Mortier},
  title = 	 {{Python Routeing Toolkit (PyRT)}},
  OPThowpublished = {https://research.sprintlabs.com/pyrt/}
}

@InProceedings{magnien:09,
  author = 	 {C. Magnien and F. Ouedraogo and G. Valadon and M. Latapy},
  title = 	 {{Fast Dynamics in Internet Topology: Preliminary Observations and Explanations}},
  booktitle = {Proc. Intl. Conf. Internet Monitoring and Protection},
  year = 	 {2009}
}

@article{donnet07survey, 
	title = {Internet Topology Discovery: a Survey},
	author = {Donnet, B. and Friedman, T.},
	journal = {IEEE Communications Surveys and Tutorials},
	year = {2007},
	volume = {9},
	number = {4},
	pages = {2--15},
	month = {Dec.},
}

@article{alderson05topo,
 author = {D. Alderson and L. Li and W. Willinger and J. Doyle},
 title = {{Understanding Internet Topology: Principles, Models, and
		Validation}},
 journal = TON,
 volume = {13},
 number = {6},
 pages = {1205--1218},
 year = {2005}
}
 issn = {1063-6692},
 doi = {http://dx.doi.org/10.1109/TNET.2005.861250},
 publisher = {IEEE Press},
 address = {Piscataway, NJ, USA},


@inproceedings{bassett10reverse,
	author = {E. Katz-Bassett and H. Madhyastha and V. Adhikari and C. Scott
		and J. Sherry and P. van Wesep and A. Krishnamurthy and T.
			Anderson},
	title = {{Reverse Traceroute}},
	booktitle = NSDI,
	year = {2010}
}
address = {San Jose, CA}

@article{wang07hopcount,
	author = {H. Wang and C. Jin and K. Shin},
	title = {{Defense Against Spoofed IP Traffic Using Hop-count Filtering}},
	journal = TON,
	volume = {15},
	number = {1},
	year = {2007},
	issn = {1063-6692},
	pages = {40--53},
	doi = {http://dx.doi.org/10.1109/TNET.2006.890133},
	publisher = {IEEE Press},
	address = {Piscataway, NJ, USA},
}


@article{friedman08rulefit,
	author = {J. Friedman and B. Popescu},
	title = {{Predictive Learning via Rule Ensembles}},
	journal = {Annals of Applied Statistics},
	year = {2008},
	volume = {2},
	number = {3},
	pages = {916--954}
}

@Article{barabasi02stats,
  title = {{Statistical Mechanics of Complex Networks}},
  author = {R. Albert and A.-L. Barab\'asi},
  journal = {Rev. Mod. Phys.},
  volume = {74},
  number = {1},
  pages = {47--97},
  numpages = {50},
  year = {2002},
  month = {Jan.}
}

@Article{akamai,
  author = 	 {J. Dilley and B. Maggs and J. Parikh and H. Prokop and R. Sitaraman and B. Weihl},
  title = 	 {{Globally Distributed Content Delivery}},
  journal = 	 {IEEE Internet Computing},
  year = 	 {2002},
   volume = {6},
    number = {5},
        pages = {50--58}

}
%  month = 	 {Sep.}

@inproceedings{skitter,
        author = {K. Claffy and Y. Hyun and K. Keys and M. Fomenkov and
            D. Krioukov},
        booktitle = {Proc. IEEE CATCH},
        title = {{Internet Mapping: from Art to Science}},
        year = {2009},
}
%        address = {Watham, MA}

@article{bremlerbarr03bypassing,
	author = {A. Bremler-Barr and E. Cohen and H. Kaplan and Y. Mansour},
	title = {{Predicting and Bypassing End-to-end Internet Service
            Degradations}},
	journal = IEEEJSAC,
	volume = {21},
	number = {6},
	year = {2003},
	pages = {961--978}
}


@inproceedings{tao03icnp,
	author = {S. Tao and K. Xu and Y. Xu and T. Fei and L. Gao and R. Guerin and J. Kurose and D. Towsley and Z.-L. Zhang},
	title = {{Exploring the Performance Benefits of End-to-end Path Switching}},
	booktitle = ICNP,
	year = {2004}
}

@inproceedings{zhang01constancy,
	author = {Y. Zhang and N. Duffield and V. Paxson and S. Shenker},
	title = {{On the Constancy of Internet Path Properties}},
	booktitle = IMW,
	year = {2001}
}
@inproceedings{leonard:imc10,
	author = {D. Leonard and D. Loguinov},
	title = {{Demystifying Service Discovery: Implementing an Internet-wide Scanner}},
	booktitle = IMC,
	year = {2010}
}
% address = {New York, NY}
